<?xml version="1.0" encoding="UTF-8"?><collection xmlns="http://www.loc.gov/MARC21/slim"><record><leader>00418nam--2200145-i-4500</leader><controlfield tag="001">000006277</controlfield><controlfield tag="002">20161230</controlfield><controlfield tag="005">20170111003920</controlfield><controlfield tag="008">060222s1000------------r-----000-0-eng-d</controlfield><datafield ind1=" " ind2=" " tag="100"><subfield code="a">Bartosek, V</subfield></datafield><datafield ind1=" " ind2=" " tag="245"><subfield code="a">O prechodovych stavech reaktoru pri vymene clanku. Cast 2: Vymena s konstantni reaktivitou</subfield></datafield><datafield ind1=" " ind2=" " tag="260"><subfield code="a">Praha</subfield><subfield code="b">Ustav Jaderneho Vyzkumu</subfield><subfield code="c">1963</subfield></datafield><datafield ind1=" " ind2=" " tag="300"><subfield code="a">10 p</subfield></datafield><datafield ind1=" " ind2=" " tag="852"><subfield code="a">18738</subfield></datafield><datafield ind1=" " ind2=" " tag="CAT"><subfield code="a">SYS</subfield><subfield code="c">20170111</subfield><subfield code="h">003920</subfield></datafield></record></collection>